@inproceedings{cer-etal-2017-semeval,
    title = "{S}em{E}val-2017 Task 1: Semantic Textual Similarity Multilingual and Crosslingual Focused Evaluation",
    author = "Cer, Daniel  and
      Diab, Mona  and
      Agirre, Eneko  and
      Lopez-Gazpio, I{\~n}igo  and
      Specia, Lucia",
    booktitle = "Proceedings of the 11th International Workshop on Semantic Evaluation ({S}em{E}val-2017)",
    month = aug,
    year = "2017",
    address = "Vancouver, Canada",
    publisher = "Association for Computational Linguistics",
    url = "https://www.aclweb.org/anthology/S17-2001",
    doi = "10.18653/v1/S17-2001",
    pages = "1--14"
}

@inproceedings{marelli-etal-2014-semeval,
    title = "{S}em{E}val-2014 Task 1: Evaluation of Compositional Distributional Semantic Models on Full Sentences through Semantic Relatedness and Textual Entailment",
    author = "Marelli, Marco  and
      Bentivogli, Luisa  and
      Baroni, Marco  and
      Bernardi, Raffaella  and
      Menini, Stefano  and
      Zamparelli, Roberto",
    booktitle = "Proceedings of the 8th International Workshop on Semantic Evaluation ({S}em{E}val 2014)",
    month = aug,
    year = "2014",
    address = "Dublin, Ireland",
    publisher = "Association for Computational Linguistics",
    url = "https://www.aclweb.org/anthology/S14-2001",
    doi = "10.3115/v1/S14-2001",
    pages = "1--8",
}

@inproceedings{rashtchian-etal-2010-collecting,
    title = "Collecting Image Annotations Using {A}mazon{'}s Mechanical Turk",
    author = "Rashtchian, Cyrus  and
      Young, Peter  and
      Hodosh, Micah  and
      Hockenmaier, Julia",
    booktitle = "Proceedings of the {NAACL} {HLT} 2010 Workshop on Creating Speech and Language Data with {A}mazon{'}s Mechanical Turk",
    month = jun,
    year = "2010",
    address = "Los Angeles",
    publisher = "Association for Computational Linguistics",
    url = "https://www.aclweb.org/anthology/W10-0721",
    pages = "139--147",
}

@inproceedings{agirre-etal-2012-semeval,
    title = "{S}em{E}val-2012 Task 6: A Pilot on Semantic Textual Similarity",
    author = "Agirre, Eneko  and
      Cer, Daniel  and
      Diab, Mona  and
      Gonzalez-Agirre, Aitor",
    booktitle = "*{SEM} 2012: The First Joint Conference on Lexical and Computational Semantics {--} Volume 1: Proceedings of the main conference and the shared task, and Volume 2: Proceedings of the Sixth International Workshop on Semantic Evaluation ({S}em{E}val 2012)",
    month = "7-8 " # jun,
    year = "2012",
    address = "Montr{\'e}al, Canada",
    publisher = "Association for Computational Linguistics",
    url = "https://www.aclweb.org/anthology/S12-1051",
    pages = "385--393",
}