@inproceedings{conneau-EtAl:2017:EMNLP2017,
  author    = {Conneau, Alexis  and  Kiela, Douwe  and  Schwenk, Holger  and  Barrault, Lo\"{i}c  and  Bordes, Antoine},
  title     = {Supervised Learning of Universal Sentence Representations from Natural Language Inference Data},
  booktitle = {Proceedings of the 2017 Conference on Empirical Methods in Natural Language Processing},
  month     = {September},
  year      = {2017},
  address   = {Copenhagen, Denmark},
  publisher = {Association for Computational Linguistics},
  pages     = {670--680},
  url       = {https://www.aclweb.org/anthology/D17-1070}
}

@inproceedings{conneau-kiela-2018-senteval,
	title = "{S}ent{E}val: An Evaluation Toolkit for Universal Sentence Representations",
	author = "Conneau, Alexis  and
	Kiela, Douwe",
	booktitle = "Proceedings of the Eleventh International Conference on Language Resources and Evaluation ({LREC} 2018)",
	month = may,
	year = "2018",
	address = "Miyazaki, Japan",
	publisher = "European Language Resources Association (ELRA)",
	url = "https://aclanthology.org/L18-1269",
}


@Article{Heo2021,
	author={Heo, Tak-Sung
	and Kim, Jong-Dae
	and Park, Chan-Young
	and Kim, Yu-Seop},
	title={Sentence similarity evaluation using Sent2Vec and siamese neural network with{\&}nbsp;parallel structure},
	journal={Journal of Intelligent {\&} Fuzzy Systems},
	year={2021},
	publisher={IOS Press},
	volume={40},
	pages={7735-7744},
	keywords={Sentence similarity; siamese network; Sent2vec; convolutional neural network; self-attention},
	note={4},
	issn={1875-8967},
	doi={10.3233/JIFS-189593},
	url={https://doi.org/10.3233/JIFS-189593}
}

@inproceedings{zhu-etal-2018-exploring,
	title = "Exploring Semantic Properties of Sentence Embeddings",
	author = "Zhu, Xunjie  and
	Li, Tingfeng  and
	de Melo, Gerard",
	booktitle = "Proceedings of the 56th Annual Meeting of the Association for Computational Linguistics (Volume 2: Short Papers)",
	month = jul,
	year = "2018",
	address = "Melbourne, Australia",
	publisher = "Association for Computational Linguistics",
	url = "https://aclanthology.org/P18-2100",
	doi = "10.18653/v1/P18-2100",
	pages = "632--637"
}

@Article{Allot2019,
	author={Allot, Alexis
	and Chen, Qingyu
	and Kim, Sun
	and Vera Alvarez, Roberto
	and Comeau, Donald C.
	and Wilbur, W. John
	and Lu, Zhiyong},
	title={LitSense: making sense of biomedical literature at sentence level},
	journal={Nucleic acids research},
	year={2019},
	month={Jul},
	day={02},
	publisher={Oxford University Press},
	volume={47},
	number={W1},
	pages={W594-W599},
	keywords={Abstracting and Indexing; Data Mining/*methods; PubMed; Publications; *Software},
	note={31020319[pmid]},
	issn={1362-4962},
	doi={10.1093/nar/gkz289},
	url={https://pubmed.ncbi.nlm.nih.gov/31020319}
}




@inproceedings{
	logeswaran2018an,
	title={An efficient framework for learning sentence representations},
	author={Lajanugen Logeswaran and Honglak Lee},
	booktitle={International Conference on Learning Representations},
	year={2018},
	url={https://openreview.net/forum?id=rJvJXZb0W},
}

@misc{cer2018universal,
	title={Universal Sentence Encoder}, 
	author={Daniel Cer and Yinfei Yang and Sheng-yi Kong and Nan Hua and Nicole Limtiaco and Rhomni St. John and Noah Constant and Mario Guajardo-Cespedes and Steve Yuan and Chris Tar and Yun-Hsuan Sung and Brian Strope and Ray Kurzweil},
	year={2018},
	eprint={1803.11175},
	archivePrefix={arXiv},
	primaryClass={cs.CL}
}

@inproceedings{pagliardini-etal-2018-unsupervised,
	title = "Unsupervised Learning of Sentence Embeddings Using Compositional n-Gram Features",
	author = "Pagliardini, Matteo  and
	Gupta, Prakhar  and
	Jaggi, Martin",
	booktitle = "Proceedings of the 2018 Conference of the North {A}merican Chapter of the Association for Computational Linguistics: Human Language Technologies, Volume 1 (Long Papers)",
	month = jun,
	year = "2018",
	address = "New Orleans, Louisiana",
	publisher = "Association for Computational Linguistics",
	url = "https://www.aclweb.org/anthology/N18-1049",
	doi = "10.18653/v1/N18-1049",
	pages = "528--540"
}

@inproceedings{lau-baldwin-2016-empirical,
	title = "An Empirical Evaluation of doc2vec with Practical Insights into Document Embedding Generation",
	author = "Lau, Jey Han  and
	Baldwin, Timothy",
	booktitle = "Proceedings of the 1st Workshop on Representation Learning for {NLP}",
	month = aug,
	year = "2016",
	address = "Berlin, Germany",
	publisher = "Association for Computational Linguistics",
	url = "https://aclanthology.org/W16-1609",
	doi = "10.18653/v1/W16-1609",
	pages = "78--86",
}


@inproceedings{8904728,
	author={Chen, Qingyu and Peng, Yifan and Lu, Zhiyong},
	booktitle={2019 IEEE International Conference on Healthcare Informatics (ICHI)}, 
	title={BioSentVec: creating sentence embeddings for biomedical texts}, 
	year={2019},
	volume={},
	number={},
	pages={1-5},
	doi={10.1109/ICHI.2019.8904728}}

@article{artetxe-schwenk-2019-massively,
	title = "Massively Multilingual Sentence Embeddings for Zero-Shot Cross-Lingual Transfer and Beyond",
	author = "Artetxe, Mikel  and
	Schwenk, Holger",
	journal = "Transactions of the Association for Computational Linguistics",
	volume = "7",
	month = mar,
	year = "2019",
	url = "https://aclanthology.org/Q19-1038",
	doi = "10.1162/tacl_a_00288",
	pages = "597--610",
}

@inproceedings{conneau-etal-2018-xnli,
	title = "{XNLI}: Evaluating Cross-lingual Sentence Representations",
	author = "Conneau, Alexis  and
	Rinott, Ruty  and
	Lample, Guillaume  and
	Williams, Adina  and
	Bowman, Samuel  and
	Schwenk, Holger  and
	Stoyanov, Veselin",
	booktitle = "Proceedings of the 2018 Conference on Empirical Methods in Natural Language Processing",
	month = oct # "-" # nov,
	year = "2018",
	address = "Brussels, Belgium",
	publisher = "Association for Computational Linguistics",
	url = "https://aclanthology.org/D18-1269",
	doi = "10.18653/v1/D18-1269",
	pages = "2475--2485",
}

@inproceedings{yang-etal-2020-multilingual,
	title = "Multilingual Universal Sentence Encoder for Semantic Retrieval",
	author = "Yang, Yinfei  and
	Cer, Daniel  and
	Ahmad, Amin  and
	Guo, Mandy  and
	Law, Jax  and
	Constant, Noah  and
	Hernandez Abrego, Gustavo  and
	Yuan, Steve  and
	Tar, Chris  and
	Sung, Yun-hsuan  and
	Strope, Brian  and
	Kurzweil, Ray",
	booktitle = "Proceedings of the 58th Annual Meeting of the Association for Computational Linguistics: System Demonstrations",
	month = jul,
	year = "2020",
	address = "Online",
	publisher = "Association for Computational Linguistics",
	url = "https://aclanthology.org/2020.acl-demos.12",
	doi = "10.18653/v1/2020.acl-demos.12",
	pages = "87--94",
}

@article{TAWFIK2020103396,
	title = {Evaluating sentence representations for biomedical text: Methods and experimental results},
	journal = {Journal of Biomedical Informatics},
	volume = {104},
	pages = {103396},
	year = {2020},
	issn = {1532-0464},
	doi = {https://doi.org/10.1016/j.jbi.2020.103396},
	url = {https://www.sciencedirect.com/science/article/pii/S1532046420300253},
	author = {Noha S. Tawfik and Marco R. Spruit},
	keywords = {BioNLP, Text representation, Sentence embeddings, Language model}
}

@article{10.1162/tacl_a_00288,
	author = {Artetxe, Mikel and Schwenk, Holger},
	title = "{Massively Multilingual Sentence Embeddings for Zero-Shot Cross-Lingual Transfer and Beyond}",
	journal = {Transactions of the Association for Computational Linguistics},
	volume = {7},
	pages = {597-610},
	year = {2019},
	month = {09},
	issn = {2307-387X},
	doi = {10.1162/tacl_a_00288},
	url = {https://doi.org/10.1162/tacl\_a\_00288},
	eprint = {https://direct.mit.edu/tacl/article-pdf/doi/10.1162/tacl\_a\_00288/1923278/tacl\_a\_00288.pdf},
}

@InProceedings{pmlr-v32-le14,
	title = 	 {Distributed Representations of Sentences and Documents},
	author = 	 {Quoc Le and Tomas Mikolov},
	booktitle = 	 {Proceedings of the 31st International Conference on Machine Learning},
	pages = 	 {1188--1196},
	year = 	 {2014},
	editor = 	 {Eric P. Xing and Tony Jebara},
	volume = 	 {32},
	series = 	 {Proceedings of Machine Learning Research},
	address = 	 {Bejing, China},
	month = 	 {22--24 Jun},
	publisher =    {PMLR},
	pdf = 	 {http://proceedings.mlr.press/v32/le14.pdf},
	url = 	 {http://proceedings.mlr.press/v32/le14.html}
}




