@inproceedings{ranasinghe-etal-2019-semantic,
    title = "Semantic Textual Similarity with {S}iamese Neural Networks",
    author = "Ranasinghe, Tharindu  and
      Orasan, Constantin  and
      Mitkov, Ruslan",
    booktitle = "Proceedings of the International Conference on Recent Advances in Natural Language Processing (RANLP 2019)",
    month = sep,
    year = "2019",
    address = "Varna, Bulgaria",
    publisher = "INCOMA Ltd.",
    url = "https://www.aclweb.org/anthology/R19-1116",
    doi = "10.26615/978-954-452-056-4_116",
    pages = "1004--1011"
}

@article{Mueller_Thyagarajan_2016, 
	title={Siamese Recurrent Architectures for Learning Sentence Similarity},
	 volume={30}, url={https://ojs.aaai.org/index.php/AAAI/article/view/10350},  
	 number={1}, 
	 journal={Proceedings of the AAAI Conference on Artificial Intelligence}, 
	 author={Mueller, Jonas and Thyagarajan, Aditya}, year={2016},
	 month={Mar} 
  }

@inproceedings{Chung2014EmpiricalEO,
	title={Empirical Evaluation of Gated Recurrent Neural Networks on Sequence Modeling},
	author={Junyoung Chung and Çaglar G{\"u}lçehre and Kyunghyun Cho and Yoshua Bengio},
	booktitle={NIPS 2014 Workshop on Deep Learning},
	year={2014},
	month={Dec} 
}

@inproceedings{vukotic:hal-01351733,
	title = {{A step beyond local observations with a dialog aware bidirectional GRU network for Spoken Language Understanding}},
	author = {Vukoti{\'c}, Vedran and Raymond, Christian and Gravier, Guillaume},
	url = {https://hal.inria.fr/hal-01351733},
	booktitle = {{Interspeech}},
	address = {San Francisco, United States},
	year = {2016},
	month = Sep
}

@inproceedings{DBLP:journals/corr/BahdanauCB14,
	author    = {Dzmitry Bahdanau and
	Kyunghyun Cho and
	Yoshua Bengio},
	editor    = {Yoshua Bengio and
	Yann LeCun},
	title     = {Neural Machine Translation by Jointly Learning to Align and Translate},
	booktitle = {3rd International Conference on Learning Representations, {ICLR} 2015,
	San Diego, CA, USA, May 7-9, 2015, Conference Track Proceedings},
	year      = {2015},
	url       = {http://arxiv.org/abs/1409.0473},
}


@inproceedings{10.5555/3294996.3295142,
	author = {Sabour, Sara and Frosst, Nicholas and Hinton, Geoffrey E.},
	title = {Dynamic Routing between Capsules},
	year = {2017},
	isbn = {9781510860964},
	publisher = {Curran Associates Inc.},
	address = {Red Hook, NY, USA},
	booktitle = {Proceedings of the 31st International Conference on Neural Information Processing Systems},
	pages = {3859–3869},
	numpages = {11},
	location = {Long Beach, California, USA},
	series = {NIPS'17}
}

@inproceedings{NIPS2017_3f5ee243,
	author = {Vaswani, Ashish and Shazeer, Noam and Parmar, Niki and Uszkoreit, Jakob and Jones, Llion and Gomez, Aidan N and Kaiser, \L ukasz and Polosukhin, Illia},
	booktitle = {Advances in Neural Information Processing Systems},
	editor = {I. Guyon and U. V. Luxburg and S. Bengio and H. Wallach and R. Fergus and S. Vishwanathan and R. Garnett},
	pages = {},
	publisher = {Curran Associates, Inc.},
	title = {Attention is All you Need},
	url = {https://proceedings.neurips.cc/paper/2017/file/3f5ee243547dee91fbd053c1c4a845aa-Paper.pdf},
	volume = {30},
	year = {2017}
}

@inproceedings{NIPS2017_2cad8fa4,
	author = {Sabour, Sara and Frosst, Nicholas and Hinton, Geoffrey E},
	booktitle = {Advances in Neural Information Processing Systems},
	editor = {I. Guyon and U. V. Luxburg and S. Bengio and H. Wallach and R. Fergus and S. Vishwanathan and R. Garnett},
	pages = {},
	publisher = {Curran Associates, Inc.},
	title = {Dynamic Routing Between Capsules},
	url = {https://proceedings.neurips.cc/paper/2017/file/2cad8fa47bbef282badbb8de5374b894-Paper.pdf},
	volume = {30},
	year = {2017}
}

@inproceedings{reimers-gurevych-2019-sentence,
	title = "Sentence-{BERT}: Sentence Embeddings using {S}iamese {BERT}-Networks",
	author = "Reimers, Nils  and
	Gurevych, Iryna",
	booktitle = "Proceedings of the 2019 Conference on Empirical Methods in Natural Language Processing and the 9th International Joint Conference on Natural Language Processing (EMNLP-IJCNLP)",
	month = nov,
	year = "2019",
	address = "Hong Kong, China",
	publisher = "Association for Computational Linguistics",
	url = "https://aclanthology.org/D19-1410",
	doi = "10.18653/v1/D19-1410",
	pages = "3982--3992"
}

@inproceedings{10.1145/1273496.1273592,
	author = {Raina, Rajat and Battle, Alexis and Lee, Honglak and Packer, Benjamin and Ng, Andrew Y.},
	title = {Self-Taught Learning: Transfer Learning from Unlabeled Data},
	year = {2007},
	isbn = {9781595937933},
	publisher = {Association for Computing Machinery},
	address = {New York, NY, USA},
	url = {https://doi.org/10.1145/1273496.1273592},
	doi = {10.1145/1273496.1273592},
	booktitle = {Proceedings of the 24th International Conference on Machine Learning},
	pages = {759–766},
	numpages = {8},
	location = {Corvalis, Oregon, USA},
	series = {ICML '07}
}


@inproceedings{wei-zou-2019-eda,
	title = "{EDA}: Easy Data Augmentation Techniques for Boosting Performance on Text Classification Tasks",
	author = "Wei, Jason  and
	Zou, Kai",
	booktitle = "Proceedings of the 2019 Conference on Empirical Methods in Natural Language Processing and the 9th International Joint Conference on Natural Language Processing (EMNLP-IJCNLP)",
	month = nov,
	year = "2019",
	address = "Hong Kong, China",
	publisher = "Association for Computational Linguistics",
	url = "https://aclanthology.org/D19-1670",
	doi = "10.18653/v1/D19-1670",
	pages = "6382--6388",
}









