@InProceedings{ranasinghe-etal-2019-enhancing,
    title = "Enhancing Unsupervised Sentence Similarity Methods with Deep Contextualised Word Representations",
    author = "Ranasinghe, Tharindu  and
      Orasan, Constantin  and
      Mitkov, Ruslan",
    booktitle = "Proceedings of the International Conference on Recent Advances in Natural Language Processing (RANLP 2019)",
    month = sep,
    year = "2019",
    address = "Varna, Bulgaria",
    publisher = "INCOMA Ltd.",
    url = "https://www.aclweb.org/anthology/R19-1115",
    doi = "10.26615/978-954-452-056-4_115",
    pages = "994--1003"
}
