@article{Arthern1979,
author = {Peter J. Arthern},
year = {1979},
title = {Machine Translation and Computerized Terminology Systems: A Translator’s Viewpoint.},
journal = {Translating  and  the  Computer,  Proceedings  of  a  Seminar,  London  14th  November  1978. Amsterdam: North-Holland Publishing Company},
pages = {77-108}
}

@book{bowker2006lexicography,
	title={Lexicography, Terminology, and Translation: Text-based Studies in Honour of Ingrid Meyer},
	author={Bowker, L.},
	isbn={9780776616537},
	series={Perspectives on Translation},
	url={https://books.google.co.uk/books?id=XJ1VDwAAQBAJ},
	year={2006},
	publisher={University of Ottawa Press}
}


@incollection{Simard2020,
	author = {Simard, Michel},
	booktitle = {The Routledge Handbook of Translation and Technology},
	chapter = {5},
	doi = {10.4324/9781315311258-5},
	editor = {O'Hagan, Minako},
	isbn = {9781315311258},
	pages = {78 ---- 90},
	publisher = {Routledge},
	title = {{Building and using parallel text for translation}},
	year = {2020}
}

@incollection{zaretskaya:2018,
	author = {Zaretskaya, Anna and {Corpas Pastor}, Gloria and Seghiri, Miriam},
	booktitle = {Trends in E-tools and Resources for Translators and Interpreters},
	editor = {{Corpas Pastor}, Gloria and Duran, Isabel},
	pages = {37 -- 56},
	publisher = {Brill},
	title = {{User Perspective on Translation Tools: Findings of a User Survey}},
	year = {2018}
}

@inproceedings{steinberger-etal-2012-dgt,
	title = "{DGT}-{TM}: A freely available Translation Memory in 22 languages",
	author = {Steinberger, Ralf  and
	Eisele, Andreas  and
	Klocek, Szymon  and
	Pilos, Spyridon  and
	Schl{\"u}ter, Patrick},
	booktitle = "Proceedings of the Eighth International Conference on Language Resources and Evaluation",
	month = may,
	year = "2012",
	address = "Istanbul, Turkey",
	publisher = "European Language Resources Association (ELRA)",
	url = "http://www.lrec-conf.org/proceedings/lrec2012/pdf/814_Paper.pdf",
	pages = "454--459"
}

@inproceedings{aker-etal-2013-extracting,
	title = "Extracting bilingual terminologies from comparable corpora",
	author = "Aker, Ahmet  and
	Paramita, Monica  and
	Gaizauskas, Rob",
	booktitle = "Proceedings of the 51st Annual Meeting of the Association for Computational Linguistics (Volume 1: Long Papers)",
	month = aug,
	year = "2013",
	address = "Sofia, Bulgaria",
	publisher = "Association for Computational Linguistics",
	url = "https://aclanthology.org/P13-1040",
	pages = "402--411",
}


@inproceedings{besacier-schwartz-2015-automated,
	title = "Automated Translation of a Literary Work: A Pilot Study",
	author = "Besacier, Laurent  and
	Schwartz, Lane",
	booktitle = "Proceedings of the Fourth Workshop on Computational Linguistics for Literature",
	month = jun,
	year = "2015",
	address = "Denver, Colorado, USA",
	publisher = "Association for Computational Linguistics",
	url = "https://aclanthology.org/W15-0713",
	doi = "10.3115/v1/W15-0713",
	pages = "114--122",
}


@inproceedings{10.5555/648180.749379,
	author = {Macklovitch, Elliott and Russell, Graham},
	title = {What's Been Forgotten in Translation Memory},
	year = {2000},
	isbn = {3540411178},
	publisher = {Springer-Verlag},
	address = {Berlin, Heidelberg},
	booktitle = {Proceedings of the 4th Conference of the Association for Machine Translation in the Americas on Envisioning Machine Translation in the Information Future},
	pages = {137–146},
	numpages = {10},
	series = {AMTA '00}
}

@inproceedings{planas2005similis,
	title={SIMILIS Second-generation translation memory software},
	author={Planas, Emmanuel},
	booktitle={27th International Conference on Translating and the Computer (TC27), London, United Kingdom, ASLIB},
	year={2005}
}

@inproceedings{gronroos2005bringing,
	title={Bringing intelligence to translation memory technology},
	author={Gr{\"o}nroos, Mickel and Becks, Ari},
	booktitle={proceedings of the International Conference Translating and the Computer},
	volume={27},
	pages={24--25},
	year={2005}
}

@inproceedings{hodasz2005metamorpho,
	title={MetaMorpho TM: a linguistically enriched translation memory},
	author={Hod{\'a}sz, G{\'a}bor and Pohl, G{\'a}bor},
	booktitle={International Workshop: Modern Approaches in Translation Technologies},
	pages={26--30},
	year={2005}
}

@inproceedings{pekar2007new,
	title={New generation translation memory: content-sensivite matching},
	author={Pekar, Viktor and Mitkov, Ruslan},
	booktitle={Proceedings of the 40th anniversary congress of the swiss association of translators, terminologists and interpreters},
	year={2007}
}

@article{vanallemeersch2014improving,
	title={Improving fuzzy matching through syntactic knowledge},
	author={Vanallemeersch, Tom and Vandeghinste, Vincent},
	journal={Translating and the Computer},
	volume={36},
	pages={217--227},
	year={2014},
	publisher={ASLING; London}
}

@inproceedings{gupta-etal-2015-machine,
	title = "Machine Translation Evaluation using Recurrent Neural Networks",
	author = "Gupta, Rohit  and
	Or{\u{a}}san, Constantin  and
	van Genabith, Josef",
	booktitle = "Proceedings of the Tenth Workshop on Statistical Machine Translation",
	month = sep,
	year = "2015",
	address = "Lisbon, Portugal",
	publisher = "Association for Computational Linguistics",
	url = "https://aclanthology.org/W15-3047",
	doi = "10.18653/v1/W15-3047",
	pages = "380--384",
}

@inproceedings{gupta-etal-2015-translation,
	title = "Can Translation Memories afford not to use paraphrasing ?",
	author = "Gupta, Rohit  and
	Orasan, Constantin  and
	Zampieri, Marcos  and
	Vela, Mihaela  and
	van Genabith, Josef",
	booktitle = "Proceedings of the 18th Annual Conference of the European Association for Machine Translation",
	month = may # " 11{--}13",
	year = "2015",
	address = "Antalya, Turkey",
	publisher = "European Association for Machine Translation",
	url = "https://aclanthology.org/2015.eamt-1.6",
}

@inproceedings{papineni-etal-2002-bleu,
	title = "{B}leu: a Method for Automatic Evaluation of Machine Translation",
	author = "Papineni, Kishore  and
	Roukos, Salim  and
	Ward, Todd  and
	Zhu, Wei-Jing",
	booktitle = "Proceedings of the 40th Annual Meeting of the Association for Computational Linguistics",
	month = jul,
	year = "2002",
	address = "Philadelphia, Pennsylvania, USA",
	publisher = "Association for Computational Linguistics",
	url = "https://aclanthology.org/P02-1040",
	doi = "10.3115/1073083.1073135",
	pages = "311--318",
}


@article{mitkov2008improving,
	title={Improving Third Generation Translation Memory systems through identification of rhetorical predicates},
	author={Mitkov, Ruslan and Corpas, Gloria},
	journal={Proceedings of LangTech2008},
	year={2008}
}

@inproceedings{szpektor-etal-2004-scaling,
	title = "Scaling Web-based Acquisition of Entailment Relations",
	author = "Szpektor, Idan  and
	Tanev, Hristo  and
	Dagan, Ido  and
	Coppola, Bonaventura",
	booktitle = "Proceedings of the 2004 Conference on Empirical Methods in Natural Language Processing",
	month = jul,
	year = "2004",
	address = "Barcelona, Spain",
	publisher = "Association for Computational Linguistics",
	url = "https://aclanthology.org/W04-3206",
	pages = "41--48",
}

@InProceedings{10.1007/978-3-540-30586-6_1,
	author="Knight, Kevin
	and Graehl, Jonathan",
	editor="Gelbukh, Alexander",
	title="An Overview of Probabilistic Tree Transducers for Natural Language Processing",
	booktitle="Computational Linguistics and Intelligent Text Processing",
	year="2005",
	publisher="Springer Berlin Heidelberg",
	address="Berlin, Heidelberg",
	pages="1--24",
}

@inproceedings{raisa-timonera-mitkov-2015-improving,
	title = "Improving Translation Memory Matching through Clause Splitting",
	author = "Raisa Timonera, Katerina  and
	Mitkov, Ruslan",
	booktitle = "Proceedings of the Workshop Natural Language Processing for Translation Memories",
	month = sep,
	year = "2015",
	address = "Hissar, Bulgaria",
	publisher = "Association for Computational Linguistics",
	url = "https://aclanthology.org/W15-5203",
	pages = "17--23",
}

@inproceedings{ganitkevitch-etal-2013-ppdb,
	title = "{PPDB}: The Paraphrase Database",
	author = "Ganitkevitch, Juri  and
	Van Durme, Benjamin  and
	Callison-Burch, Chris",
	booktitle = "Proceedings of the 2013 Conference of the North {A}merican Chapter of the Association for Computational Linguistics: Human Language Technologies",
	month = jun,
	year = "2013",
	address = "Atlanta, Georgia",
	publisher = "Association for Computational Linguistics",
	url = "https://aclanthology.org/N13-1092",
	pages = "758--764",
}

@Article{Gupta2016,
	author={Gupta, Rohit
	and Or{\u{a}}san, Constantin
	and Zampieri, Marcos
	and Vela, Mihaela
	and van Genabith, Josef
	and Mitkov, Ruslan},
	title={Improving translation memory matching and retrieval using paraphrases},
	journal={Machine Translation},
	year={2016},
	month={Jun},
	day={01},
	volume={30},
	number={1},
	pages={19-40},
	issn={1573-0573},
	doi={10.1007/s10590-016-9180-0},
	url={https://doi.org/10.1007/s10590-016-9180-0}
}

@InProceedings{10.1007/978-3-319-45510-5_30,
	author="Gupta, Rohit
	and Or{\u{a}}san, Constantin
	and Liu, Qun
	and Mitkov, Ruslan",
	editor="Sojka, Petr
	and Hor{\'a}k, Ale{\v{s}}
	and Kope{\v{c}}ek, Ivan
	and Pala, Karel",
	title="A Dynamic Programming Approach to Improving Translation Memory Matching and Retrieval Using Paraphrases",
	booktitle="Text, Speech, and Dialogue",
	year="2016",
	publisher="Springer International Publishing",
	address="Cham",
	pages="259--269",
	isbn="978-3-319-45510-5"
}


@article{gupta2014intelligent,
	title={Intelligent translation memory matching and retrieval metric exploiting linguistic technology},
	author={Gupta, Rohit and Bechara, Hanna and Orasan, Constantin},
	journal={Proceedings of Translating and the Computer},
	volume={36},
	pages={86--89},
	year={2014}
}


@inproceedings{banerjee-lavie-2005-meteor,
	title = "{METEOR}: An Automatic Metric for {MT} Evaluation with Improved Correlation with Human Judgments",
	author = "Banerjee, Satanjeev  and
	Lavie, Alon",
	booktitle = "Proceedings of the {ACL} Workshop on Intrinsic and Extrinsic Evaluation Measures for Machine Translation and/or Summarization",
	month = jun,
	year = "2005",
	address = "Ann Arbor, Michigan",
	publisher = "Association for Computational Linguistics",
	url = "https://aclanthology.org/W05-0909",
	pages = "65--72",
}

@inproceedings{sellam-etal-2020-bleurt,
	title = "{BLEURT}: Learning Robust Metrics for Text Generation",
	author = "Sellam, Thibault  and
	Das, Dipanjan  and
	Parikh, Ankur",
	booktitle = "Proceedings of the 58th Annual Meeting of the Association for Computational Linguistics",
	month = jul,
	year = "2020",
	address = "Online",
	publisher = "Association for Computational Linguistics",
	url = "https://aclanthology.org/2020.acl-main.704",
	doi = "10.18653/v1/2020.acl-main.704",
	pages = "7881--7892"
}






