@inproceedings{ranasinghe-etal-2020-intelligent,
    title = "Intelligent Translation Memory Matching and Retrieval with Sentence Encoders",
    author = "Ranasinghe, Tharindu  and
      Orasan, Constantin  and
      Mitkov, Ruslan",
    booktitle = "Proceedings of the 22nd Annual Conference of the European Association for Machine Translation",
    month = nov,
    year = "2020",
    address = "Lisboa, Portugal",
    publisher = "European Association for Machine Translation",
    url = "https://www.aclweb.org/anthology/2020.eamt-1.19",
    keywords={mine},
    pages = "175--184"
}

@incollection{ranasinghe:2021,
	author      = "Ranasinghe, Tharindu and Mitkov, Ruslan
					and Orasan, Constantin  and Quintana, Rocío Caro",
	title       = "Semantic textual similarity based on deep learning: Can it improve matching and retrieval for Translation Memory tools?",
	editor      = "Julia Lavid-López and Carmen Maíz-Arévalo and Juan Rafael Zamorano-Mansilla",
	booktitle   = "Corpora in Translation and Contrastive Research in the Digital Age: Recent advances and explorations",
	publisher   = "John Benjamins",
	url = "https://benjamins.com/catalog/btl.158.04ran", 
	year        = 2021,
	chapter     = 4,
	keywords={mine},
}