@inproceedings{kepler-etal-2019-openkiwi,
    title = "{O}pen{K}iwi: An Open Source Framework for Quality Estimation",
    author = "Kepler, Fabio  and
      Tr{\'e}nous, Jonay  and
      Treviso, Marcos  and
      Vera, Miguel  and
      Martins, Andr{\'e} F. T.",
    booktitle = "Proceedings of the 57th Annual Meeting of the Association for Computational Linguistics: System Demonstrations",
    month = jul,
    year = "2019",
    address = "Florence, Italy",
    publisher = "Association for Computational Linguistics",
    url = "https://www.aclweb.org/anthology/P19-3020",
    doi = "10.18653/v1/P19-3020",
    pages = "117--122"
}

@inproceedings{lee-2020-two,
	title = "Two-Phase Cross-Lingual Language Model Fine-Tuning for Machine Translation Quality Estimation",
	author = "Lee, Dongjun",
	booktitle = "Proceedings of the Fifth Conference on Machine Translation",
	month = nov,
	year = "2020",
	address = "Online",
	publisher = "Association for Computational Linguistics",
	url = "https://www.aclweb.org/anthology/2020.wmt-1.118",
	pages = "1024--1028"
}