@inproceedings{sun-etal-2020-exploratory,
    title = "An Exploratory Study on Multilingual Quality Estimation",
    author = "Sun, Shuo  and
      Fomicheva, Marina  and
      Blain, Fr{\'e}d{\'e}ric  and
      Chaudhary, Vishrav  and
      El-Kishky, Ahmed  and
      Renduchintala, Adithya  and
      Guzm{\'a}n, Francisco  and
      Specia, Lucia",
    booktitle = "Proceedings of the 1st Conference of the Asia-Pacific Chapter of the Association for Computational Linguistics and the 10th International Joint Conference on Natural Language Processing",
    month = dec,
    year = "2020",
    address = "Suzhou, China",
    publisher = "Association for Computational Linguistics",
    url = "https://www.aclweb.org/anthology/2020.aacl-main.39",
    pages = "366--377",
    }