@inproceedings{logacheva-etal-2016-marmot,
	title = "{MARMOT}: A Toolkit for Translation Quality Estimation at the Word Level",
	author = "Logacheva, Varvara  and
	Hokamp, Chris  and
	Specia, Lucia",
	booktitle = "Proceedings of the Tenth International Conference on Language Resources and Evaluation ({LREC}'16)",
	month = may,
	year = "2016",
	address = "Portoro{\v{z}}, Slovenia",
	publisher = "European Language Resources Association (ELRA)",
	url = "https://www.aclweb.org/anthology/L16-1582",
	pages = "3671--3674"
}