@inproceedings{conneau-etal-2020-unsupervised,
    title = "Unsupervised Cross-lingual Representation Learning at Scale",
    author = "Conneau, Alexis  and
      Khandelwal, Kartikay  and
      Goyal, Naman  and
      Chaudhary, Vishrav  and
      Wenzek, Guillaume  and
      Guzm{\'a}n, Francisco  and
      Grave, Edouard  and
      Ott, Myle  and
      Zettlemoyer, Luke  and
      Stoyanov, Veselin",
    booktitle = "Proceedings of the 58th Annual Meeting of the Association for Computational Linguistics",
    month = jul,
    year = "2020",
    address = "Online",
    publisher = "Association for Computational Linguistics",
    url = "https://www.aclweb.org/anthology/2020.acl-main.747",
    doi = "10.18653/v1/2020.acl-main.747",
    pages = "8440--8451"
}

@inproceedings{ranasinghe-etal-2020-transquest,
	title = "{T}rans{Q}uest: Translation Quality Estimation with Cross-lingual Transformers",
	author = "Ranasinghe, Tharindu  and
	Orasan, Constantin  and
	Mitkov, Ruslan",
	booktitle = "Proceedings of the 28th International Conference on Computational Linguistics",
	month = dec,
	year = "2020",
	address = "Barcelona, Spain (Online)",
	publisher = "International Committee on Computational Linguistics",
	url = "https://aclanthology.org/2020.coling-main.445",
	doi = "10.18653/v1/2020.coling-main.445",
	pages = "5070--5081"
}