@inproceedings{lee-2020-two,
	title = "Two-Phase Cross-Lingual Language Model Fine-Tuning for Machine Translation Quality Estimation",
	author = "Lee, Dongjun",
	booktitle = "Proceedings of the Fifth Conference on Machine Translation",
	month = nov,
	year = "2020",
	address = "Online",
	publisher = "Association for Computational Linguistics",
	url = "https://www.aclweb.org/anthology/2020.wmt-1.118",
	pages = "1024--1028"
}