@article{Aliguliyev2009ANS,
	title={A new sentence similarity measure and sentence based extractive technique for automatic text summarization},
	author={Ramiz M. Aliguliyev},
	journal={Expert Syst. Appl.},
	year={2009},
	volume={36},
	pages={7764-7772}
}

@article{10.1177/0165551511408848,
	author = {Ozsoy, Makbule Gulcin and Alpaslan, Ferda Nur and Cicekli, Ilyas},
	title = {Text Summarization Using Latent Semantic Analysis},
	year = {2011},
	issue_date = {August 2011},
	publisher = {Sage Publications, Inc.},
	address = {USA},
	volume = {37},
	number = {4},
	issn = {0165-5515},
	url = {https://doi.org/10.1177/0165551511408848},
	doi = {10.1177/0165551511408848},
	journal = {J. Inf. Sci.},
	month = aug,
	pages = {405–417},
	numpages = {13},
	keywords = {text summarization, Latent Semantic Analysis, information retrieval}
}

@inproceedings{mohler-etal-2011-learning,
	title = "Learning to Grade Short Answer Questions using Semantic Similarity Measures and Dependency Graph Alignments",
	author = "Mohler, Michael  and
	Bunescu, Razvan  and
	Mihalcea, Rada",
	booktitle = "Proceedings of the 49th Annual Meeting of the Association for Computational Linguistics: Human Language Technologies",
	month = jun,
	year = "2011",
	address = "Portland, Oregon, USA",
	publisher = "Association for Computational Linguistics",
	url = "https://www.aclweb.org/anthology/P11-1076",
	pages = "752--762",
}

@incollection{rocchio71relevance,
	added-at = {2009-12-17T17:15:39.000+0100},
	author = {Rocchio, J. J.},
	biburl = {https://www.bibsonomy.org/bibtex/271ef756e9a6009bc06010ecbdb33f7a2/zeno},
	booktitle = {The Smart retrieval system - experiments in automatic document processing},
	editor = {Salton, G.},
	interhash = {c18d843e34fe4f8bd1d2438227857225},
	intrahash = {71ef756e9a6009bc06010ecbdb33f7a2},
	keywords = {information-retrieval},
	pages = {313--323},
	publisher = {Englewood Cliffs, NJ: Prentice-Hall},
	timestamp = {2009-12-17T17:35:11.000+0100},
	title = {Relevance feedback in information retrieval},
	year = 1971
}

@article{Li2006SentenceSB,
	title={Sentence similarity based on semantic nets and corpus statistics},
	author={Yuhua Li and David McLean and Zuhair Bandar and James O'Shea and Keeley A. Crockett},
	journal={IEEE Transactions on Knowledge and Data Engineering},
	year={2006},
	volume={18},
	pages={1138-1150}
}

@article{10.1016/S0306-4573(96)00062-3,
	author = {Salton, Gerard and Singhal, Amit and Mitra, Mandar and Buckley, Chris},
	title = {Automatic Text Structuring and Summarization},
	year = {1997},
	issue_date = {March 1997},
	publisher = {Pergamon Press, Inc.},
	address = {USA},
	volume = {33},
	number = {2},
	issn = {0306-4573},
	url = {https://doi.org/10.1016/S0306-4573(96)00062-3},
	doi = {10.1016/S0306-4573(96)00062-3},
	journal = {Inf. Process. Manage.},
	month = mar,
	pages = {193–207},
	numpages = {15}
}

@article{10.1371/journal.pcbi.1000937,
	author = {Ferreira, João D. AND Couto, Francisco M.},
	journal = {PLOS Computational Biology},
	publisher = {Public Library of Science},
	title = {Semantic Similarity for Automatic Classification of Chemical Compounds},
	year = {2010},
	month = {09},
	volume = {6},
	url = {https://doi.org/10.1371/journal.pcbi.1000937},
	pages = {1-11},
	number = {9},
	doi = {10.1371/journal.pcbi.1000937}
}